@article{belady1966,
  title={A study of replacement algorithms for a virtual-storage computer},
  author={Belady, Laszlo A.},
  journal={IBM Systems journal},
  volume={5},
  number={2},
  pages={78--101},
  year={1966},
  publisher={IBM}
}

@article{karedla1994,
  title={Caching strategies to improve disk system performance},
  author={Karedla, Ramakrishna and Love, J Spencer and Wherry, Bradley G},
  journal={Computer},
  volume={27},
  number={3},
  pages={38--46},
  year={1994},
  publisher={IEEE}
}

@article{o1993,
  title={The LRU-K page replacement algorithm for database disk buffering},
  author={O'neil, Elizabeth J and O'neil, Patrick E and Weikum, Gerhard},
  journal={Acm Sigmod Record},
  volume={22},
  number={2},
  pages={297--306},
  year={1993},
  publisher={ACM New York, NY, USA}
}

@inproceedings{jain2016back,
  title={Back to the future: Leveraging Belady's algorithm for improved cache replacement},
  author={Jain, Akanksha and Lin, Calvin},
  booktitle={2016 ACM/IEEE 43rd Annual International Symposium on Computer Architecture (ISCA)},
  pages={78--89},
  year={2016},
  organization={IEEE}
}

@inproceedings{khan2021ripple,
  title={Ripple: Profile-guided instruction cache replacement for data center applications},
  author={Khan, Tanvir Ahmed and Zhang, Dexin and Sriraman, Akshitha and Devietti, Joseph and Pokam, Gilles and Litz, Heiner and Kasikci, Baris},
  booktitle={2021 ACM/IEEE 48th Annual International Symposium on Computer Architecture (ISCA)},
  pages={734--747},
  year={2021},
  organization={IEEE}
}

@inproceedings{balaji2021p,
  title={P-opt: Practical optimal cache replacement for graph analytics},
  author={Balaji, Vignesh and Crago, Neal and Jaleel, Aamer and Lucia, Brandon},
  booktitle={2021 IEEE International Symposium on High-Performance Computer Architecture (HPCA)},
  pages={668--681},
  year={2021},
  organization={IEEE}
}

@inproceedings{sethumurugan2021designing,
  title={Designing a cost-effective cache replacement policy using machine learning},
  author={Sethumurugan, Subhash and Yin, Jieming and Sartori, John},
  booktitle={2021 IEEE International Symposium on High-Performance Computer Architecture (HPCA)},
  pages={291--303},
  year={2021},
  organization={IEEE}
}

@inproceedings{shi2019applying,
  title={Applying deep learning to the cache replacement problem},
  author={Shi, Zhan and Huang, Xiangru and Jain, Akanksha and Lin, Calvin},
  booktitle={Proceedings of the 52nd Annual IEEE/ACM International Symposium on Microarchitecture},
  pages={413--425},
  year={2019}
}


@inproceedings{wu2011ship,
  title={SHiP: Signature-based hit predictor for high performance caching},
  author={Wu, Carole-Jean and Jaleel, Aamer and Hasenplaugh, Will and Martonosi, Margaret and Steely Jr, Simon C and Emer, Joel},
  booktitle={Proceedings of the 44th Annual IEEE/ACM International Symposium on Microarchitecture},
  pages={430--441},
  year={2011}
}

@inproceedings{beckmann2017maximizing,
  title={Maximizing cache performance under uncertainty},
  author={Beckmann, Nathan and Sanchez, Daniel},
  booktitle={2017 IEEE International Symposium on High Performance Computer Architecture (HPCA)},
  pages={109--120},
  year={2017},
  organization={IEEE}
}